<?xml version="1.0" encoding="UTF-8"?><collection xmlns="http://www.loc.gov/MARC21/slim"><record><leader>00327nam--2200133-i-4500</leader><controlfield tag="001">000023337</controlfield><controlfield tag="002">20161230</controlfield><controlfield tag="005">20161230201035</controlfield><controlfield tag="008">060222s1000------------r-----000-0-eng-d</controlfield><datafield ind1=" " ind2=" " tag="080"><subfield code="a">548</subfield></datafield><datafield ind1=" " ind2=" " tag="100"><subfield code="a">Janssen, T</subfield></datafield><datafield ind1=" " ind2=" " tag="245"><subfield code="a">Crystallographic groups</subfield></datafield><datafield ind1=" " ind2=" " tag="260"><subfield code="a">Amsterdam, North-holland Publ.Co., 1973, Xiii + 281p</subfield></datafield><datafield ind1=" " ind2=" " tag="852"><subfield code="a">40942</subfield></datafield></record></collection>